@article{khatib1986real,
  title={Real-Time Obstacle Avoidance for Manipulators and Mobile Robots},
  author={Khatib, Oussama},
  journal={The International Journal of Robotics Research},
  volume={5},
  number={1},
  pages={90--98},
  year={1986},
  publisher={Sage Publications Sage CA: Thousand Oaks, CA}
}
@article{mabrouk2008solving,
  title={Solving the potential field local minimum problem using internal agent states},
  author={Mabrouk, M and McInnes, CR},
  journal={Robotics and Autonomous Systems},
  volume={56},
  number={12},
  pages={1050--1060},
  year={2008},
  publisher={Elsevier BV}
}
@article{chuang1998analytically,
  title={An analytically tractable potential field model of free space and its application in obstacle avoidance},
  author={Chuang, Jen-Hui and Ahuja, Narendra},
  journal={Systems,Man, and Cybernetics, Part B: Cybernetics, IEEE Transactions on},
  volume={28},
  number={5},
  pages={729--736},
  year={1998},
  publisher={IEEE}
}
@inproceedings{ratliff2009chomp,
  title={CHOMP: Gradient optimization techniques for efficient motion planning},
  author={Ratliff, Nathan and Zucker, Matt and Bagnell, J Andrew and Srinivasa, Siddhartha},
  booktitle={Robotics and Automation, 2009. ICRA'09. IEEE International Conference on},
  year={2009},
  organization={IEEE},
  pages={489--494}
}
@article{zucker2013chomp,
  title={Chomp: Covariant hamiltonian optimization for motion planning},
  author={Zucker, Matt and Ratliff, Nathan and Dragan, Anca D and Pivtoraiko, Mihail and Klingensmith, Matthew and Dellin, Christopher M and Bagnell, J Andrew and Srinivasa, Siddhartha S},
  journal={The International Journal of Robotics Research},
  volume={32},
  number={9-10},
  pages={1164--1193},
  year={2013},
  publisher={SAGE Publications Sage UK: London, England}
}
@inproceedings{kalakrishnan2011stomp,
  title={STOMP: Stochastic trajectory optimization for motion planning},
  author={Kalakrishnan, Mrinal and Chitta, Sachin and Theodorou, Evangelos and Pastor, Peter and Schaal, Stefan},
  booktitle={Robotics and Automation (ICRA), 2011 IEEE International Conference on},
  pages={4569--4574},
  year={2011},
  organization={IEEE}
}
@inproceedings{he2013multigrid,
  title={Multigrid CHOMP with Local Smoothing},
  author={He, Keliang and Martin, Elizabeth and Zucker, Matt},
  booktitle={Proc. of 13th IEEE-RAS Int. Conference on Humanoid
Robots (Humanoids)},
  year={2013}
}
@inproceedings{schulman2013finding,
  title={Finding Locally Optimal, Collision-Free Trajectories with Sequential Convex Optimization.},
  author={Schulman, John and Ho, Jonathan and Lee, Alex X and Awwal, Ibrahim and Bradlow, Henry and Abbeel, Pieter},
  booktitle={Robotics: Science and Systems},
  volume{9},
  number{1},
  pages={1--10},
  year={2013},
  organization={Citeseer}
}
@article{rasmussengaussian,
  title={Gaussian Processes for Machine Learning},
  author={Rasmussen, Carl Edward},
  year={2006},
  organizetion={Citeseer}
}
@article{vijayakumar2005incremental,
  title={Incremental online learning in high dimensions},
  author={Vijayakumar, Sethu and D'souza, Aaron and Schaal, Stefan},
  journal={Neural computation},
  volume={17},
  number={12},
  pages={2602--2634},
  year={2005},
  publisher={MIT Press}
}
@inproceedings{kersting2007most,
  title={Most likely heteroscedastic Gaussian process regression},
  author={Kersting, Kristian and Plagemann, Christian and Pfaff, Patrick and Burgard, Wolfram},
  booktitle={Proceedings of the 24th international conference on Machine learning},
  pages={393--400},
  year={2007},
  organization={ACM}
}
@inproceedings{nguyen2008learning,
  title={Learning Inverse Dynamics: A Comparison},
  author={Nguyen-Tuong, D and Peters, J and Seeger, M and Sch{\"o}lkopf, B},
  booktitle={16th European Symposium on Artificial Neural Networks (ESANN 2008)},
  pages={13--18},
  year={2008},
  organization={d-side}
}
@article{sturm2009body,
  title={Body schema learning for robotic manipulators from visual self-perception},
  author={Sturm, J{\"u}rgen and Plagemann, Christian and Burgard, Wolfram},
  journal={Journal of Physiology-Paris},
  volume={103},
  number={3-5},
  pages={220--231},
  year={2009},
  publisher={Elsevier}
}
@inproceedings{deisenroth2011pilco,
  title={PILCO: A model-based and data-efficient approach to policy search},
  author={Deisenroth, Marc and Rasmussen, Carl E},
  booktitle={Proceedings of the 28th International Conference on machine learning (ICML-11)},
  pages={465--472},
  year={2011}
}
@inproceedings{tay2008modelling,
  title={Modelling smooth paths using gaussian processes},
  author={Tay, Meng Keat Christopher and Laugier, Christian},
  booktitle={Field and Service Robotics},
  pages={381--390},
  year={2008},
  organization={Springer}
}
@inproceedings{barfoot2014batch,
  title={Batch Continuous-Time Trajectory Estimation as Exactly Sparse Gaussian Process Regression.},
  author={Barfoot, Tim D and Tong, Chi Hay and S{\"a}rkk{\"a}, Simo},
  year={2014},
  organization={Citeseer}
}
@article{yan2015incremental,
  title={Incremental Sparse GP Regression for Continuous-time Trajectory Estimation \&amp; Mapping},
  author={Yan, Xinyan and Indelman, Vadim and Boots, Byron},
  journal={arXiv preprint arXiv:1504.02696},
  year={2015}
}
@article{ko2009gp,
  title={GP-BayesFilters: Bayesian filtering using Gaussian process prediction and observation models},
  author={Ko, Jonathan and Fox, Dieter},
  journal={Autonomous Robots},
  volume={27},
  number={1},
  pages={75--90},
  year={2009},
  publisher={Springer}
}
@inproceedings{ko2007gp,
  title={GP-UKF: Unscented Kalman filters with Gaussian process prediction and observation models},
  author={Ko, Jonathan and Kleint, Daniel J and Fox, Dieter and Haehnelt, Dirk},
  booktitle={2007 IEEE/RSJ International Conference on Intelligent Robots and Systems},
  pages={1901--1907},
  organization={IEEE}
}
@inproceedings{tong2012gaussian,
  title={Gaussian process Gauss-Newton: Non-parametric state estimation},
  author={Tong, Chi Hay and Furgale, Paul and Barfoot, Timothy D},
  booktitle={2012 Ninth Conference on Computer and Robot Vision},
  pages={206--213},
  year={2012},
  organization={IEEE}
}
@inproceedings{theodorou2010stochastic,
  title={Stochastic differential dynamic programming},
  author={Theodorou, Evangelos and Tassa, Yuval and Todorov, Emo},
  booktitle={Proceedings of the 2010 American Control Conference},
  pages={1125--1132},
  year={2010},
  organization={IEEE}
}
@article{walter2007exactly,
  title={Exactly sparse extended information filters for feature-based SLAM},
  author={Walter, Matthew R and Eustice, Ryan M and Leonard, John J},
  journal={The International Journal of Robotics Research},
  volume={26},
  number={4},
  pages={335--359},
  year={2007},
  publisher={Sage Publications Sage UK: London, England}
}
@article{alvarez2011kernels,
  title={Kernels for Vector-Valued Functions: a Review},
  author={Alvarez, Mauricio A and Rosasco, Lorenzo and Lawrence, Neil D},
  journal={arXiv preprint arXiv:1106.6251},
  year={2011}
}
@techreport{courant1966methods,
  title={Methods of mathematical physics},
  author={Courant, Richard and Hilbert, David},
  year={1966}
}
@article{ratliff2011analytical,
  title{Analytical dynamics and contact analysis},
  author{N. Ratliff},
  journal{Available:http://ipvs.informatik.uni-stuttgart.de},
  year{2011}
}
@book{quinlan1994real,
  title={Real-time modification of collision-free paths},
  author={Quinlan, Sean},
  number={1537},
  year={1994},
  publisher={Stanford University Stanford}
}
@article{diankov2008openrave,
  title={Openrave: A planning architecture for autonomous robotics},
  author={Diankov, Rosen and Kuffner, James},
  journal={Robotics Institute, Pittsburgh, PA, Tech. Rep. CMU-RI-TR-08-34},
  volume={79},
  year={2008}
}
@inproceedings{byravan2014space,
  title={Space-time functional gradient optimization for motion planning},
  author={Byravan, Arunkumar and Boots, Byron and Srinivasa, Siddhartha S and Fox, Dieter},
  booktitle={2014 IEEE International Conference on Robotics and Automation (ICRA)},
  pages={6499--6506},
  year={2014},
  organization={IEEE}
}
@inproceedings{dogar2010push,
  title={Push-grasping with dexterous hands: Mechanics and a method},
  author={Dogar, Mehmet R and Srinivasa, Siddhartha S},
  booktitle={2010 IEEE/RSJ International Conference on Intelligent Robots and Systems},
  pages={2123--2130},
  year={2010},
  organization={IEEE}
}
@inproceedings{dragan2011manipulation,
  title={Manipulation planning with goal sets using constrained trajectory optimization},
  author={Dragan, Anca D and Ratliff, Nathan D and Srinivasa, Siddhartha S},
  booktitle={2011 IEEE International Conference on Robotics and Automation},
  pages={4582--4588},
  year={2011},
  organization={IEEE}
}
@inproceedings{chang2010planning,
  title={Planning pre-grasp manipulation for transport tasks},
  author={Chang, Lillian Y and Srinivasa, Siddhartha S and Pollard, Nancy S},
  booktitle={2010 IEEE International Conference on Robotics and Automation},
  pages={2697--2704},
  year={2010},
  organization={IEEE}
}