@article{Rose1998verbs,
  title={Verbs and adverbs: Multidimensional motion interpolation},
  author={Rose, Charles and Cohen, Michael F and Bodenheimer, Bobby},
  journal={IEEE Computer Graphics and Applications},
  volume={18},
  number={5},
  pages={32--40},
  year={1998},
  publisher={IEEE}
}
@article{patashnik1984bibtex,
  title={BIBTEX 101},
  author={Patashnik, Oren},
  year={1984}
}
@article{patashnik2003bibtex,
  title={Bibtex yesterday, today and tomorrow},
  author={Patashnik, Oren},
  journal={TUGBoat},
  volume={24},
  number={1},
  pages={25--30},
  year={2003}
}
@techreport{chen1986gnu,
  title={GNU Emacs BibTEX-Mode},
  author={Chen, Pehong},
  year={1986},
  institution={Technical Report 87/317, Computer Science Division, University of California~â€¦}
}
@book{roache1972computational,
  title={Computational fluid dynamics},
  author={Roache, Patrick J},
  number={BOOK},
  year={1972},
  publisher={Hermosa publishers}
}